@article {Armstrong.Stump.Thomas,
    AUTHOR = {Armstrong, Drew and Stump, Christian and Thomas, Hugh},
     TITLE = {A uniform bijection between nonnesting and noncrossing
              partitions},
   JOURNAL = {Trans. Amer. Math. Soc.},
  FJOURNAL = {Transactions of the American Mathematical Society},
    VOLUME = {365},
      YEAR = {2013},
    NUMBER = {8},
     PAGES = {4121--4151},
}

@article {Assaf.Searles,
author = {Assaf, Sami and Searles, Dominic},
title = {Schubert polynomials, slide polynomials, {S}tanley symmetric functions and quasi-{Y}amanouchi pipe dreams},
journal = {to appear, Adv. Math.},
year = {2016},
note = {{\sf arXiv:1603.09744}}
}

@article {Bergeron.Billey,
    AUTHOR = {Bergeron, Nantel and Billey, Sara},
     TITLE = {R{C}-graphs and {S}chubert polynomials},
   JOURNAL = {Experiment. Math.},
  FJOURNAL = {Experimental Mathematics},
    VOLUME = {2},
      YEAR = {1993},
    NUMBER = {4},
     PAGES = {257--269},
}

@article {Billey.Jockusch.Stanley,
    AUTHOR = {Billey, Sara C. and Jockusch, William and Stanley, Richard P.},
     TITLE = {Some combinatorial properties of {S}chubert polynomials},
   JOURNAL = {J. Algebraic Combin.},
  FJOURNAL = {Journal of Algebraic Combinatorics. An International Journal},
    VOLUME = {2},
      YEAR = {1993},
    NUMBER = {4},
     PAGES = {345--374},
}

@book {Billey.Lakshmibai,
    AUTHOR = {Billey, Sara and Lakshmibai, V.},
     TITLE = {Singular loci of {S}chubert varieties},
    SERIES = {Progress in Mathematics},
    VOLUME = {182},
 PUBLISHER = {Birkh\"auser Boston, Inc., Boston, MA},
      YEAR = {2000},
     PAGES = {xii+251},
      ISBN = {0-8176-4092-4},
}

@article {BPS,
    AUTHOR = {Bloom, Jonathan and Pechenik, Oliver and Saracino, Dan},
     TITLE = {Proofs and generalizations of a homomesy conjecture of {P}ropp
              and {R}oby},
   JOURNAL = {Discrete Math.},
  FJOURNAL = {Discrete Mathematics},
    VOLUME = {339},
      YEAR = {2016},
    NUMBER = {1},
     PAGES = {194--206},
}

@article {Bressler.Evens,
    AUTHOR = {Bressler, Paul and Evens, Sam},
     TITLE = {The {S}chubert calculus, braid relations, and generalized
              cohomology},
   JOURNAL = {Trans. Amer. Math. Soc.},
  FJOURNAL = {Transactions of the American Mathematical Society},
    VOLUME = {317},
      YEAR = {1990},
    NUMBER = {2},
     PAGES = {799--811},
}

@article {Brion,
    AUTHOR = {Brion, Michel},
     TITLE = {Positivity in the {G}rothendieck group of complex flag
              varieties},
      NOTE = {Special issue in celebration of Claudio Procesi's 60th
              birthday},
   JOURNAL = {J. Algebra},
  FJOURNAL = {Journal of Algebra},
    VOLUME = {258},
      YEAR = {2002},
    NUMBER = {1},
     PAGES = {137--159},
}

@book {Brouwer.Schrijver,
    AUTHOR = {Brouwer, A. E. and Schrijver, A.},
     TITLE = {On the period of an operator, defined on antichains},
      NOTE = {Mathematisch Centrum Afdeling Zuivere Wiskunde ZW 24/74},
 PUBLISHER = {Mathematisch Centrum, Amsterdam},
      YEAR = {1974},
     PAGES = {i+13},
}

@article {Buch,
    AUTHOR = {Buch, Anders Skovsted},
     TITLE = {A {L}ittlewood-{R}ichardson rule for the {$K$}-theory of
              {G}rassmannians},
   JOURNAL = {Acta Math.},
  FJOURNAL = {Acta Mathematica},
    VOLUME = {189},
      YEAR = {2002},
    NUMBER = {1},
     PAGES = {37--78},
}

@article {Buch.Ravikumar,
    AUTHOR = {Buch, Anders Skovsted and Ravikumar, Vijay},
     TITLE = {Pieri rules for the {$K$}-theory of cominuscule
              {G}rassmannians},
   JOURNAL = {J. Reine Angew. Math.},
  FJOURNAL = {Journal f\"ur die Reine und Angewandte Mathematik. [Crelle's
              Journal]},
    VOLUME = {668},
      YEAR = {2012},
     PAGES = {109--132},
}

@article {Buch.Samuel,
author = {Buch, Anders Skovsted  and  Samuel, Matthew J.},
title = {${K}$-theory of minuscule varieties},
journal = {J. Reine Angew. Math.},
volume = {719},
year = {2016},
pages = {133--171}
}

@article {Cameron.Fonderflaass,
    AUTHOR = {Cameron, P. J. and Fon-Der-Flaass, D. G.},
     TITLE = {Orbits of antichains revisited},
   JOURNAL = {European J. Combin.},
  FJOURNAL = {European Journal of Combinatorics},
    VOLUME = {16},
      YEAR = {1995},
    NUMBER = {6},
     PAGES = {545--554},
}

@article {Clifford.Thomas.Yong,
    AUTHOR = {Clifford, Edward and Thomas, Hugh and Yong, Alexander},
     TITLE = {{$K$}-theoretic {S}chubert calculus for {${\rm OG}(n,2n+1)$} and jeu de taquin for shifted increasing tableaux},
   JOURNAL = {J. Reine Angew. Math.},
  FJOURNAL = {Journal f\"ur die Reine und Angewandte Mathematik. [Crelle's
              Journal]},
    VOLUME = {690},
      YEAR = {2014},
     PAGES = {51--63},
}

@article {DPS,
author = {Dilks, Kevin and Pechenik, Oliver and Striker, Jessica},
title = {Resonance in orbits of plane partitions and increasing tableaux},
journal = {J. Combin. Theory Ser. A},
year ={2017},
volume = {148},
pages = {244--274}
}

@article {Dong.Wang,
author = {Dong, Chao-Ping and Wang, Suijie},
title = {Homomesy in the graded poset $\triangle(1)$},
journal = {preprint},
year = {2016},
note = {{\sf arXiv:1606.05715}}
}

@article {Duchet,
    AUTHOR = {Duchet, P.},
     TITLE = {Sur les hypergraphes invariantes},
   JOURNAL = {Discrete Math.},
  FJOURNAL = {Discrete Mathematics},
    VOLUME = {8},
      YEAR = {1974},
     PAGES = {269--280},
}

@article {Eilenberg.MacLane,
    AUTHOR = {Eilenberg, Samuel and Mac Lane, Saunders},
     TITLE = {On the groups of {$H(\Pi,n)$}. {I}},
   JOURNAL = {Ann. of Math. (2)},
  FJOURNAL = {Annals of Mathematics. Second Series},
    VOLUME = {58},
      YEAR = {1953},
     PAGES = {55--106},
}

@article {EFGJMPR,
author = {Einstein, David and Farber, Miriam and Gunawan, Emily and Joseph, Michael and Macauley, Matthew and Propp, James and Rubinstein-Salzedo, Simon},
title = {Noncrossing partitions, toggles, and homomesies},
journal = {Electron. J. Combin.},
year = {2016},
volume = {23},
pages = {1--26},
}

@incollection {Einstein.Propp,
    AUTHOR = {Einstein, David and Propp, James},
     TITLE = {Piecewise-linear and birational toggling},
 BOOKTITLE = {26th {I}nternational {C}onference on {F}ormal {P}ower {S}eries
              and {A}lgebraic {C}ombinatorics ({FPSAC} 2014)},
    SERIES = {Discrete Math. Theor. Comput. Sci. Proc., AT},
     PAGES = {513--524},
 PUBLISHER = {Assoc. Discrete Math. Theor. Comput. Sci., Nancy},
      YEAR = {2014},
}

@incollection {Fomin.Kirillov,
    AUTHOR = {Fomin, Sergey and Kirillov, Anatol N.},
     TITLE = {Grothendieck polynomials and the {Y}ang-{B}axter equation},
 BOOKTITLE = {Formal power series and algebraic combinatorics/{S}\'eries
              formelles et combinatoire alg\'ebrique},
     PAGES = {183--189},
 PUBLISHER = {DIMACS, Piscataway, NJ},
      YEAR = {1994},
}

@book {Fulton,
    AUTHOR = {Fulton, William},
     TITLE = {Young tableaux},
    SERIES = {London Mathematical Society Student Texts},
    VOLUME = {35},
      NOTE = {With applications to representation theory and geometry},
 PUBLISHER = {Cambridge University Press, Cambridge},
      YEAR = {1997},
     PAGES = {x+260},
}

@article {Fulton.Lascoux,
    AUTHOR = {Fulton, William and Lascoux, Alain},
     TITLE = {A {P}ieri formula in the {G}rothendieck ring of a flag bundle},
   JOURNAL = {Duke Math. J.},
  FJOURNAL = {Duke Mathematical Journal},
    VOLUME = {76},
      YEAR = {1994},
    NUMBER = {3},
     PAGES = {711--729},
}

@article {GMPPRST,
    AUTHOR = {Gaetz, Christian and Mastrianni, Michelle and Patrias, Rebecca
              and Peck, Hailee and Robichaux, Colleen and Schwein, David and
              Tam, Ka Yu},
     TITLE = {{$K$}-{K}nuth equivalence for increasing tableaux},
   JOURNAL = {Electron. J. Combin.},
  FJOURNAL = {Electronic Journal of Combinatorics},
    VOLUME = {23},
      YEAR = {2016},
    NUMBER = {1},
     PAGES = {Paper 1.40, 37},
}

@article{Gessel,
  title={Multipartite {$P$}-partitions and inner products of skew {S}chur functions},
  author={Gessel, Ira M},
  journal={Contemp. Math},
  volume={34},
  number={289-301},
  pages={101},
  year={1984}
}

@article {Grinberg.Roby:1,
    AUTHOR = {Grinberg, Darij and Roby, Tom},
     TITLE = {Iterative properties of birational rowmotion {I}: generalities
              and skeletal posets},
   JOURNAL = {Electron. J. Combin.},
  FJOURNAL = {Electronic Journal of Combinatorics},
    VOLUME = {23},
      YEAR = {2016},
    NUMBER = {1},
     PAGES = {Paper 1.33, 40},
}

@article {Grinberg.Roby:2,
    AUTHOR = {Grinberg, Darij and Roby, Tom},
     TITLE = {Iterative properties of birational rowmotion {II}: rectangles
              and triangles},
   JOURNAL = {Electron. J. Combin.},
  FJOURNAL = {Electronic Journal of Combinatorics},
    VOLUME = {22},
      YEAR = {2015},
    NUMBER = {3},
     PAGES = {Paper 3.40, 49},
}

@article {Haiman,
    AUTHOR = {Haiman, Mark D.},
     TITLE = {Dual equivalence with applications, including a conjecture of
              {P}roctor},
   JOURNAL = {Discrete Math.},
  FJOURNAL = {Discrete Mathematics},
    VOLUME = {99},
      YEAR = {1992},
    NUMBER = {1-3},
     PAGES = {79--113},
}

@article { HPPW,
author = {Hamaker, Zachary and Patrias, Rebecca and Pechenik, Oliver and Williams, Nathan},
title = {Doppelg\"{a}ngers: Bijections of plane partitions},
journal = {preprint},
year = {2016},
note = {{\sf arXiv:1602.05535}}
}

@article {Hopkins.Zhang,
    AUTHOR = {Hopkins, Sam and Zhang, Ingrid},
     TITLE = {A note on statistical averages for oscillating tableaux},
   JOURNAL = {Electron. J. Combin.},
  FJOURNAL = {Electronic Journal of Combinatorics},
    VOLUME = {22},
      YEAR = {2015},
    NUMBER = {2},
     PAGES = {Paper 2.48, 9},
}

@article {Hudson,
    AUTHOR = {Hudson, Thomas},
     TITLE = {A {T}hom-{P}orteous formula for connective {$K$}-theory using
              algebraic cobordism},
   JOURNAL = {J. K-Theory},
  FJOURNAL = {Journal of K-Theory. K-Theory and its Applications in Algebra,
              Geometry, Analysis \& Topology},
    VOLUME = {14},
      YEAR = {2014},
    NUMBER = {2},
     PAGES = {343--369},
}

@Article{ Joseph.Roby,
author = {Joseph, Michael and Roby, Tom},
title = {Toggling independent sets of a path graph},
journal = {preprint},
year = {2017},
note = {{\sf arXiv:1701.04956}},
}


@article {Knutson.Miller,
    AUTHOR = {Knutson, Allen and Miller, Ezra},
     TITLE = {Gr\"obner geometry of {S}chubert polynomials},
   JOURNAL = {Ann. of Math. (2)},
  FJOURNAL = {Annals of Mathematics. Second Series},
    VOLUME = {161},
      YEAR = {2005},
    NUMBER = {3},
     PAGES = {1245--1318},
}

@article {Knutson.Miller.Yong,
    AUTHOR = {Knutson, Allen and Miller, Ezra and Yong, Alexander},
     TITLE = {Gr\"obner geometry of vertex decompositions and of flagged
              tableaux},
   JOURNAL = {J. Reine Angew. Math.},
  FJOURNAL = {Journal f\"ur die Reine und Angewandte Mathematik. [Crelle's
              Journal]},
    VOLUME = {630},
      YEAR = {2009},
     PAGES = {1--31},
}

@article {Lam.Pylyavskyy,
    AUTHOR = {Lam, Thomas and Pylyavskyy, Pavlo},
     TITLE = {Combinatorial {H}opf algebras and {$K$}-homology of
              {G}rassmannians},
   JOURNAL = {Int. Math. Res. Not. IMRN},
  FJOURNAL = {International Mathematics Research Notices. IMRN},
      YEAR = {2007},
    NUMBER = {24},
     PAGES = {Art. ID rnm125, 48},
}

@article {Lascoux.Schutzenberger,
    AUTHOR = {Lascoux, Alain and Sch{\"u}tzenberger, Marcel-Paul},
     TITLE = {Structure de {H}opf de l'anneau de cohomologie et de l'anneau
              de {G}rothendieck d'une vari\'et\'e de drapeaux},
   JOURNAL = {C. R. Acad. Sci. Paris S\'er. I Math.},
  FJOURNAL = {Comptes Rendus des S\'eances de l'Acad\'emie des Sciences.
              S\'erie I. Math\'ematique},
    VOLUME = {295},
      YEAR = {1982},
    NUMBER = {11},
     PAGES = {629--633},
}

@book {Manivel,
    AUTHOR = {Manivel, Laurent},
     TITLE = {Symmetric functions, {S}chubert polynomials and degeneracy
              loci},
    SERIES = {SMF/AMS Texts and Monographs},
    VOLUME = {6},
      NOTE = {Translated from the 1998 French original by John R. Swallow,
              Cours Sp\'ecialis\'es [Specialized Courses], 3},
 PUBLISHER = {American Mathematical Society, Providence, RI; Soci\'et\'e
              Math\'ematique de France, Paris},
      YEAR = {2001},
     PAGES = {viii+167},
}

@article {Panyushev,
    AUTHOR = {Panyushev, Dmitri I.},
     TITLE = {On orbits of antichains of positive roots},
   JOURNAL = {European J. Combin.},
  FJOURNAL = {European Journal of Combinatorics},
    VOLUME = {30},
      YEAR = {2009},
    NUMBER = {2},
     PAGES = {586--594},
}

@article {Patrias,
title = {Antipode formulas for some combinatorial {H}opf algebras},
author = {Patrias, Rebecca},
journal = {preprint},
year = {2015},
note = {{\sf arXiv:1501.00710}}
}

@article { Patrias.Pylyavskyy,
    AUTHOR = {Patrias, Rebecca and Pylyavskyy, Pavlo},
     TITLE = {Combinatorics of {$K$}-theory via a {$K$}-theoretic
              {P}oirier-{R}eutenauer bialgebra},
   JOURNAL = {Discrete Math.},
  FJOURNAL = {Discrete Mathematics},
    VOLUME = {339},
      YEAR = {2016},
    NUMBER = {3},
     PAGES = {1095--1115},
}

@article {Pechenik,
    AUTHOR = {Pechenik, Oliver},
     TITLE = {Cyclic sieving of increasing tableaux and small {S}chr\"oder
              paths},
   JOURNAL = {J. Combin. Theory Ser. A},
  FJOURNAL = {Journal of Combinatorial Theory. Series A},
    VOLUME = {125},
      YEAR = {2014},
     PAGES = {357--378},
}

@article {Pechenik:frames,
author = {Pechenik, Oliver},
title = {Promotion of increasing tableaux: frames and homomesies},
journal = {Electron. J. Combin.},
year = {2017},
volume={24},
number={3},
pages={Paper 3.50, 1--14},
}

@article {Pechenik.Yong:KT,
author = {Pechenik, Oliver and Yong, Alexander},
title = {Equivariant ${K}$-theory of {G}rassmannians},
journal = {preprint},
year = {2015},
note = {{\sf arXiv:1506.01992}}
}

@article {Pechenik.Yong:genomic,
    AUTHOR = {Pechenik, Oliver and Yong, Alexander},
     TITLE = {Genomic tableaux},
   JOURNAL = {J. Algebraic Combin.},
  FJOURNAL = {Journal of Algebraic Combinatorics. An International Journal},
    VOLUME = {45},
      YEAR = {2017},
    NUMBER = {3},
     PAGES = {649--685},
}
	

@article {Pressey.Stokke.Visentin,
    AUTHOR = {Pressey, Timothy and Stokke, Anna and Visentin, Terry},
     TITLE = {Increasing tableaux, {N}arayana numbers and an instance of the
              cyclic sieving phenomenon},
   JOURNAL = {Ann. Comb.},
  FJOURNAL = {Annals of Combinatorics},
    VOLUME = {20},
      YEAR = {2016},
    NUMBER = {3},
     PAGES = {609--621},
}

@article {Proctor,
    AUTHOR = {Proctor, Robert A.},
     TITLE = {Bruhat lattices, plane partition generating functions, and
              minuscule representations},
   JOURNAL = {European J. Combin.},
  FJOURNAL = {European Journal of Combinatorics},
    VOLUME = {5},
      YEAR = {1984},
    NUMBER = {4},
     PAGES = {331--350},
}

@article {Propp.Roby,
    AUTHOR = {Propp, James and Roby, Tom},
     TITLE = {Homomesy in products of two chains},
   JOURNAL = {Electron. J. Combin.},
  FJOURNAL = {Electronic Journal of Combinatorics},
    VOLUME = {22},
      YEAR = {2015},
    NUMBER = {3},
     PAGES = {Paper 3.4, 1--29},
}

@misc{ Propp.Roby:dartmouth,
	title = "Combinatorial Actions \& Homomesic Orbit Averages",
	AUTHOR = {Propp, James and Roby, Tom},
	year = "23 May 2013",
	note = "Talk at Dartmouth College Mathematics Colloquium, slides available at {http://www.math.uconn.edu/$\sim$troby/homomesyActions2013DartmouthColloq.pdf}"
}

@article {Reiner.Stanton.White,
    AUTHOR = {Reiner, V. and Stanton, D. and White, D.},
     TITLE = {The cyclic sieving phenomenon},
   JOURNAL = {J. Combin. Theory Ser. A},
  FJOURNAL = {Journal of Combinatorial Theory. Series A},
    VOLUME = {108},
      YEAR = {2004},
    NUMBER = {1},
     PAGES = {17--50},
}

@article {Rhoades:thesis,
    AUTHOR = {Rhoades, Brendon},
     TITLE = {Cyclic sieving, promotion, and representation theory},
   JOURNAL = {J. Combin. Theory Ser. A},
  FJOURNAL = {Journal of Combinatorial Theory. Series A},
    VOLUME = {117},
      YEAR = {2010},
    NUMBER = {1},
     PAGES = {38--76},
}

@article {Rhoades:skein,
    AUTHOR = {Rhoades, Brendon},
     TITLE = {A skein action of the symmetric group on noncrossing
              partitions},
   JOURNAL = {J. Algebraic Combin.},
  FJOURNAL = {Journal of Algebraic Combinatorics. An International Journal},
    VOLUME = {45},
      YEAR = {2017},
    NUMBER = {1},
     PAGES = {81--127},
}

@article {Rush.Shi,
    AUTHOR = {Rush, David B. and Shi, XiaoLin},
     TITLE = {On orbits of order ideals of minuscule posets},
   JOURNAL = {J. Algebraic Combin.},
  FJOURNAL = {Journal of Algebraic Combinatorics. An International Journal},
    VOLUME = {37},
      YEAR = {2013},
    NUMBER = {3},
     PAGES = {545--569}
}

@Unpublished{Rush.Shi:report,
author = {Rush, David B. and Shi, XiaoLin},
title = {On orbits of order ideals of minuscule posets},
note = {unpublished manuscript, available at \\ {\tt http://www-users.math.umn.edu/$\sim$reiner/REU/RushShi2011.pdf} },
OPTkey = {•},
OPTmonth = {•},
year = {2011},
OPTannote = {•}
}


@article {Rush.Wang,
author = {Rush, David and Wang, Kelvin},
title = {On Orbits of Order Ideals of Minuscule Posets {II}: Homomesy},
journal = {preprint},
year = {2015},
note = {{\sf arXiv:1509.08047}},
}

@article {Schutzenberger,
    AUTHOR = {Sch{\"u}tzenberger, M. P.},
     TITLE = {Promotion des morphismes d'ensembles ordonn\'es},
   JOURNAL = {Discrete Math.},
  FJOURNAL = {Discrete Mathematics},
    VOLUME = {2},
      YEAR = {1972},
     PAGES = {73--94},
}

@article {Striker.Williams,
    AUTHOR = {Striker, Jessica and Williams, Nathan},
     TITLE = {Promotion and rowmotion},
   JOURNAL = {European J. Combin.},
  FJOURNAL = {European Journal of Combinatorics},
    VOLUME = {33},
      YEAR = {2012},
    NUMBER = {8},
     PAGES = {1919--1942},
}


@book {EC2,
    AUTHOR = {Stanley, Richard P.},
     TITLE = {Enumerative combinatorics. {V}ol. 2},
    SERIES = {Cambridge Studies in Advanced Mathematics},
    VOLUME = {62},
      NOTE = {With a foreword by Gian-Carlo Rota and appendix 1 by Sergey
              Fomin},
 PUBLISHER = {Cambridge University Press, Cambridge},
      YEAR = {1999},
     PAGES = {xii+581},
      ISBN = {0-521-56069-1; 0-521-78987-7},
}

@article {Striker,
    AUTHOR = {Striker, Jessica},
     TITLE = {The toggle group, homomesy, and the {R}azumov-{S}troganov
              correspondence},
   JOURNAL = {Electron. J. Combin.},
  FJOURNAL = {Electronic Journal of Combinatorics},
    VOLUME = {22},
      YEAR = {2015},
    NUMBER = {2},
     PAGES = {Paper 2.57, 17},
}
	

@article {Thomas.Yong:K,
    AUTHOR = {Thomas, Hugh and Yong, Alexander},
     TITLE = {A jeu de taquin theory for increasing tableaux, with
              applications to {$K$}-theoretic {S}chubert calculus},
   JOURNAL = {Algebra Number Theory},
  FJOURNAL = {Algebra \& Number Theory},
    VOLUME = {3},
      YEAR = {2009},
    NUMBER = {2},
     PAGES = {121--148},
}

@article {Thomas.Yong:Plancherel,
    AUTHOR = {Thomas, Hugh and Yong, Alexander},
     TITLE = {Longest increasing subsequences, {P}lancherel-type measure and
              the {H}ecke insertion algorithm},
   JOURNAL = {Adv. in Appl. Math.},
  FJOURNAL = {Advances in Applied Mathematics},
    VOLUME = {46},
      YEAR = {2011},
    NUMBER = {1-4},
     PAGES = {610--642},
}

@article {Thomas.Yong:HT,
author = {Thomas, Hugh and Yong, Alexander},
title = {Equivariant Schubert calculus and jeu de taquin},
journal = {to appear, Ann. Inst. Fourier (Grenoble)},
year = {2013},
}

@article {Vorland,
author = {Vorland, Corey},
title = {Homomesy in products of three chains and multidimensional recombination},
journal = {preprint},
year = {2017},
note = {{\sf arXiv:1705.02665}}
}